%YAML 1.1
%TAG !u! tag:unity3d.com,2011:
--- !u!1 &640661387
GameObject:
  m_ObjectHideFlags: 0
  m_CorrespondingSourceObject: {fileID: 0}
  m_PrefabInstance: {fileID: 0}
  m_PrefabAsset: {fileID: 0}
  serializedVersion: 6
  m_Component:
  - component: {fileID: 640661389}
  - component: {fileID: 640661388}
  m_Layer: 0
  m_Name: Attack Collider
  m_TagString: Untagged
  m_Icon: {fileID: 0}
  m_NavMeshLayer: 0
  m_StaticEditorFlags: 0
  m_IsActive: 1
--- !u!4 &640661389
Transform:
  m_ObjectHideFlags: 0
  m_CorrespondingSourceObject: {fileID: 0}
  m_PrefabInstance: {fileID: 0}
  m_PrefabAsset: {fileID: 0}
  m_GameObject: {fileID: 640661387}
  m_LocalRotation: {x: 0, y: 0, z: 0, w: 1}
  m_LocalPosition: {x: 0, y: 0, z: 0}
  m_LocalScale: {x: 1, y: 1, z: 1}
  m_Children: []
  m_Father: {fileID: 5521351302793819276}
  m_RootOrder: 0
  m_LocalEulerAnglesHint: {x: 0, y: 0, z: 0}
--- !u!135 &640661388
SphereCollider:
  m_ObjectHideFlags: 0
  m_CorrespondingSourceObject: {fileID: 0}
  m_PrefabInstance: {fileID: 0}
  m_PrefabAsset: {fileID: 0}
  m_GameObject: {fileID: 640661387}
  m_Material: {fileID: 0}
  m_IsTrigger: 1
  m_Enabled: 0
  serializedVersion: 2
  m_Radius: 1
  m_Center: {x: 0, y: 0, z: 0}
--- !u!1 &5521351302793819280
GameObject:
  m_ObjectHideFlags: 0
  m_CorrespondingSourceObject: {fileID: 0}
  m_PrefabInstance: {fileID: 0}
  m_PrefabAsset: {fileID: 0}
  serializedVersion: 6
  m_Component:
  - component: {fileID: 5521351302793819276}
  - component: {fileID: 5521351302793819277}
  - component: {fileID: 5521351302793819282}
  - component: {fileID: 5521351302793819283}
  - component: {fileID: -3508113934822094282}
  - component: {fileID: -674058660321751506}
  - component: {fileID: 1321396832}
  - component: {fileID: -255277508883607168}
  - component: {fileID: 1611863621}
  - component: {fileID: 1611863630}
  - component: {fileID: 6995938857132541657}
  - component: {fileID: 8248342796449282922}
  m_Layer: 0
  m_Name: Creeps
  m_TagString: creep
  m_Icon: {fileID: 0}
  m_NavMeshLayer: 0
  m_StaticEditorFlags: 0
  m_IsActive: 1
--- !u!4 &5521351302793819276
Transform:
  m_ObjectHideFlags: 0
  m_CorrespondingSourceObject: {fileID: 0}
  m_PrefabInstance: {fileID: 0}
  m_PrefabAsset: {fileID: 0}
  m_GameObject: {fileID: 5521351302793819280}
  m_LocalRotation: {x: 0, y: 0, z: 0, w: 1}
  m_LocalPosition: {x: 2.917, y: 1, z: 0.49}
  m_LocalScale: {x: 2.1334686, y: 2.1334686, z: 2.1334686}
  m_Children:
  - {fileID: 640661389}
  - {fileID: 5575690416177817549}
  m_Father: {fileID: 0}
  m_RootOrder: 0
  m_LocalEulerAnglesHint: {x: 0, y: 0, z: 0}
--- !u!33 &5521351302793819277
MeshFilter:
  m_ObjectHideFlags: 0
  m_CorrespondingSourceObject: {fileID: 0}
  m_PrefabInstance: {fileID: 0}
  m_PrefabAsset: {fileID: 0}
  m_GameObject: {fileID: 5521351302793819280}
  m_Mesh: {fileID: 10208, guid: 0000000000000000e000000000000000, type: 0}
--- !u!23 &5521351302793819282
MeshRenderer:
  m_ObjectHideFlags: 0
  m_CorrespondingSourceObject: {fileID: 0}
  m_PrefabInstance: {fileID: 0}
  m_PrefabAsset: {fileID: 0}
  m_GameObject: {fileID: 5521351302793819280}
  m_Enabled: 1
  m_CastShadows: 1
  m_ReceiveShadows: 1
  m_DynamicOccludee: 1
  m_MotionVectors: 1
  m_LightProbeUsage: 1
  m_ReflectionProbeUsage: 1
  m_RenderingLayerMask: 1
  m_RendererPriority: 0
  m_Materials:
  - {fileID: 2100000, guid: e1ec2a199f16a8341bca770412fa9980, type: 2}
  m_StaticBatchInfo:
    firstSubMesh: 0
    subMeshCount: 0
  m_StaticBatchRoot: {fileID: 0}
  m_ProbeAnchor: {fileID: 0}
  m_LightProbeVolumeOverride: {fileID: 0}
  m_ScaleInLightmap: 1
  m_ReceiveGI: 1
  m_PreserveUVs: 0
  m_IgnoreNormalsForChartDetection: 0
  m_ImportantGI: 0
  m_StitchLightmapSeams: 1
  m_SelectedEditorRenderState: 3
  m_MinimumChartSize: 4
  m_AutoUVMaxDistance: 0.5
  m_AutoUVMaxAngle: 89
  m_LightmapParameters: {fileID: 0}
  m_SortingLayerID: 0
  m_SortingLayer: 0
  m_SortingOrder: 0
--- !u!136 &5521351302793819283
CapsuleCollider:
  m_ObjectHideFlags: 0
  m_CorrespondingSourceObject: {fileID: 0}
  m_PrefabInstance: {fileID: 0}
  m_PrefabAsset: {fileID: 0}
  m_GameObject: {fileID: 5521351302793819280}
  m_Material: {fileID: 0}
  m_IsTrigger: 0
  m_Enabled: 1
  m_Radius: 0.5
  m_Height: 2
  m_Direction: 1
  m_Center: {x: 0, y: 0, z: 0}
--- !u!114 &-3508113934822094282
MonoBehaviour:
  m_ObjectHideFlags: 0
  m_CorrespondingSourceObject: {fileID: 0}
  m_PrefabInstance: {fileID: 0}
  m_PrefabAsset: {fileID: 0}
  m_GameObject: {fileID: 5521351302793819280}
  m_Enabled: 1
  m_EditorHideFlags: 0
  m_Script: {fileID: 11500000, guid: 96b58822ec463e745af8837adb902e3d, type: 3}
  m_Name: 
  m_EditorClassIdentifier: 
  target: {fileID: 0}
  towers:
  - {fileID: 0}
  - {fileID: 0}
  - {fileID: 0}
  - {fileID: 0}
  - {fileID: 0}
  - {fileID: 0}
  nextTowerId: -1
  creepsAgent: {fileID: 1321396832}
--- !u!114 &-674058660321751506
MonoBehaviour:
  m_ObjectHideFlags: 0
  m_CorrespondingSourceObject: {fileID: 0}
  m_PrefabInstance: {fileID: 0}
  m_PrefabAsset: {fileID: 0}
  m_GameObject: {fileID: 5521351302793819280}
  m_Enabled: 1
  m_EditorHideFlags: 0
  m_Script: {fileID: 11500000, guid: 0e3afe48a65f75a46bd3f0410294aaad, type: 3}
  m_Name: 
  m_EditorClassIdentifier: 
  userFraction: 0
  red: {fileID: 2100000, guid: e1ec2a199f16a8341bca770412fa9980, type: 2}
  blue: {fileID: 2100000, guid: 08fd1cc0f49e5f9488f82a1074673424, type: 2}
--- !u!195 &1321396832
NavMeshAgent:
  m_ObjectHideFlags: 0
  m_CorrespondingSourceObject: {fileID: 0}
  m_PrefabInstance: {fileID: 0}
  m_PrefabAsset: {fileID: 0}
  m_GameObject: {fileID: 5521351302793819280}
  m_Enabled: 1
  m_AgentTypeID: 0
  m_Radius: 0.5
  m_Speed: 3.5
  m_Acceleration: 8
  avoidancePriority: 50
  m_AngularSpeed: 120
  m_StoppingDistance: 0
  m_AutoTraverseOffMeshLink: 1
  m_AutoBraking: 1
  m_AutoRepath: 1
  m_Height: 2
  m_BaseOffset: 1
  m_WalkableMask: 4294967295
  m_ObstacleAvoidanceType: 4
--- !u!114 &-255277508883607168
MonoBehaviour:
  m_ObjectHideFlags: 0
  m_CorrespondingSourceObject: {fileID: 0}
  m_PrefabInstance: {fileID: 0}
  m_PrefabAsset: {fileID: 0}
  m_GameObject: {fileID: 5521351302793819280}
  m_Enabled: 1
  m_EditorHideFlags: 0
  m_Script: {fileID: 11500000, guid: e08d529f211482f4190fafb4d66bb456, type: 3}
  m_Name: 
  m_EditorClassIdentifier: 
  health: 100
  maxHealth: 550
  invunable: 0
--- !u!135 &1611863621
SphereCollider:
  m_ObjectHideFlags: 0
  m_CorrespondingSourceObject: {fileID: 0}
  m_PrefabInstance: {fileID: 0}
  m_PrefabAsset: {fileID: 0}
  m_GameObject: {fileID: 5521351302793819280}
  m_Material: {fileID: 0}
  m_IsTrigger: 1
  m_Enabled: 1
  serializedVersion: 2
  m_Radius: 3
  m_Center: {x: 0, y: 0, z: 0}
--- !u!114 &1611863630
MonoBehaviour:
  m_ObjectHideFlags: 0
  m_CorrespondingSourceObject: {fileID: 0}
  m_PrefabInstance: {fileID: 0}
  m_PrefabAsset: {fileID: 0}
  m_GameObject: {fileID: 5521351302793819280}
  m_Enabled: 1
  m_EditorHideFlags: 0
  m_Script: {fileID: 11500000, guid: 3428506c34a4ed7489497fb95e4d92ee, type: 3}
  m_Name: 
  m_EditorClassIdentifier: 
  Damage: 21
  BaseAttackTime: 0.5
  AttackCollider: {fileID: 640661388}
--- !u!54 &6995938857132541657
Rigidbody:
  m_ObjectHideFlags: 0
  m_CorrespondingSourceObject: {fileID: 0}
  m_PrefabInstance: {fileID: 0}
  m_PrefabAsset: {fileID: 0}
  m_GameObject: {fileID: 5521351302793819280}
  serializedVersion: 2
  m_Mass: 1
  m_Drag: 0
  m_AngularDrag: 0.05
  m_UseGravity: 1
  m_IsKinematic: 1
  m_Interpolate: 0
  m_Constraints: 0
  m_CollisionDetection: 0
--- !u!114 &8248342796449282922
MonoBehaviour:
  m_ObjectHideFlags: 0
  m_CorrespondingSourceObject: {fileID: 0}
  m_PrefabInstance: {fileID: 0}
  m_PrefabAsset: {fileID: 0}
  m_GameObject: {fileID: 5521351302793819280}
  m_Enabled: 1
  m_EditorHideFlags: 0
  m_Script: {fileID: 11500000, guid: b01c8e995b48b6847a66afbec46eb7d6, type: 3}
  m_Name: 
  m_EditorClassIdentifier: 
  gold: 0
  releaseingGold: 35
--- !u!1001 &8150048269958301030
PrefabInstance:
  m_ObjectHideFlags: 0
  serializedVersion: 2
  m_Modification:
    m_TransformParent: {fileID: 5521351302793819276}
    m_Modifications:
    - target: {fileID: 5173310426241815252, guid: 501cba3f763ed19498667788541fd090,
        type: 3}
      propertyPath: m_Name
      value: Health Bar - Worldspace
      objectReference: {fileID: 0}
    - target: {fileID: 4357827874316804779, guid: 501cba3f763ed19498667788541fd090,
        type: 3}
      propertyPath: m_LocalPosition.x
      value: 0
      objectReference: {fileID: 0}
    - target: {fileID: 4357827874316804779, guid: 501cba3f763ed19498667788541fd090,
        type: 3}
      propertyPath: m_LocalPosition.y
      value: 0
      objectReference: {fileID: 0}
    - target: {fileID: 4357827874316804779, guid: 501cba3f763ed19498667788541fd090,
        type: 3}
      propertyPath: m_LocalPosition.z
      value: 0
      objectReference: {fileID: 0}
    - target: {fileID: 4357827874316804779, guid: 501cba3f763ed19498667788541fd090,
        type: 3}
      propertyPath: m_LocalRotation.x
      value: 0.7071068
      objectReference: {fileID: 0}
    - target: {fileID: 4357827874316804779, guid: 501cba3f763ed19498667788541fd090,
        type: 3}
      propertyPath: m_LocalRotation.y
      value: 0
      objectReference: {fileID: 0}
    - target: {fileID: 4357827874316804779, guid: 501cba3f763ed19498667788541fd090,
        type: 3}
      propertyPath: m_LocalRotation.z
      value: 0
      objectReference: {fileID: 0}
    - target: {fileID: 4357827874316804779, guid: 501cba3f763ed19498667788541fd090,
        type: 3}
      propertyPath: m_LocalRotation.w
      value: 0.7071068
      objectReference: {fileID: 0}
    - target: {fileID: 4357827874316804779, guid: 501cba3f763ed19498667788541fd090,
        type: 3}
      propertyPath: m_RootOrder
      value: 1
      objectReference: {fileID: 0}
    - target: {fileID: 4357827874316804779, guid: 501cba3f763ed19498667788541fd090,
        type: 3}
      propertyPath: m_LocalEulerAnglesHint.x
      value: 90
      objectReference: {fileID: 0}
    - target: {fileID: 4357827874316804779, guid: 501cba3f763ed19498667788541fd090,
        type: 3}
      propertyPath: m_LocalEulerAnglesHint.y
      value: 0
      objectReference: {fileID: 0}
    - target: {fileID: 4357827874316804779, guid: 501cba3f763ed19498667788541fd090,
        type: 3}
      propertyPath: m_LocalEulerAnglesHint.z
      value: 0
      objectReference: {fileID: 0}
    - target: {fileID: 4357827874316804779, guid: 501cba3f763ed19498667788541fd090,
        type: 3}
      propertyPath: m_AnchoredPosition.x
      value: 0
      objectReference: {fileID: 0}
    - target: {fileID: 4357827874316804779, guid: 501cba3f763ed19498667788541fd090,
        type: 3}
      propertyPath: m_AnchoredPosition.y
      value: 2.25
      objectReference: {fileID: 0}
    - target: {fileID: 4357827874316804779, guid: 501cba3f763ed19498667788541fd090,
        type: 3}
      propertyPath: m_SizeDelta.x
      value: 100
      objectReference: {fileID: 0}
    - target: {fileID: 4357827874316804779, guid: 501cba3f763ed19498667788541fd090,
        type: 3}
      propertyPath: m_SizeDelta.y
      value: 100
      objectReference: {fileID: 0}
    - target: {fileID: 4357827874316804779, guid: 501cba3f763ed19498667788541fd090,
        type: 3}
      propertyPath: m_AnchorMin.x
      value: 0.5
      objectReference: {fileID: 0}
    - target: {fileID: 4357827874316804779, guid: 501cba3f763ed19498667788541fd090,
        type: 3}
      propertyPath: m_AnchorMin.y
      value: 0.5
      objectReference: {fileID: 0}
    - target: {fileID: 4357827874316804779, guid: 501cba3f763ed19498667788541fd090,
        type: 3}
      propertyPath: m_AnchorMax.x
      value: 0.5
      objectReference: {fileID: 0}
    - target: {fileID: 4357827874316804779, guid: 501cba3f763ed19498667788541fd090,
        type: 3}
      propertyPath: m_AnchorMax.y
      value: 0.5
      objectReference: {fileID: 0}
    - target: {fileID: 4357827874316804779, guid: 501cba3f763ed19498667788541fd090,
        type: 3}
      propertyPath: m_Pivot.x
      value: 0.5
      objectReference: {fileID: 0}
    - target: {fileID: 4357827874316804779, guid: 501cba3f763ed19498667788541fd090,
        type: 3}
      propertyPath: m_Pivot.y
      value: 0.5
      objectReference: {fileID: 0}
    - target: {fileID: 8500348530298474731, guid: 501cba3f763ed19498667788541fd090,
        type: 3}
      propertyPath: m_Camera
      value: 
      objectReference: {fileID: 0}
    - target: {fileID: 4922073273001774096, guid: 501cba3f763ed19498667788541fd090,
        type: 3}
      propertyPath: currentHealthImg
      value: 
      objectReference: {fileID: 5363601765169626029}
    - target: {fileID: 4922073273001774096, guid: 501cba3f763ed19498667788541fd090,
        type: 3}
      propertyPath: healthRef
      value: 
      objectReference: {fileID: -255277508883607168}
    m_RemovedComponents: []
  m_SourcePrefab: {fileID: 100100000, guid: 501cba3f763ed19498667788541fd090, type: 3}
--- !u!224 &5575690416177817549 stripped
RectTransform:
  m_CorrespondingSourceObject: {fileID: 4357827874316804779, guid: 501cba3f763ed19498667788541fd090,
    type: 3}
  m_PrefabInstance: {fileID: 8150048269958301030}
  m_PrefabAsset: {fileID: 0}
--- !u!114 &5363601765169626029 stripped
MonoBehaviour:
  m_CorrespondingSourceObject: {fileID: 4284505287314980555, guid: 501cba3f763ed19498667788541fd090,
    type: 3}
  m_PrefabInstance: {fileID: 8150048269958301030}
  m_PrefabAsset: {fileID: 0}
  m_GameObject: {fileID: 0}
  m_Enabled: 1
  m_EditorHideFlags: 0
  m_Script: {fileID: 11500000, guid: fe87c0e1cc204ed48ad3b37840f39efc, type: 3}
  m_Name: 
  m_EditorClassIdentifier: 
